@inproceedings{besl1992method,
  title={Method for registration of {3-D} shapes},
  author={Besl, Paul J and McKay, Neil D},
  booktitle={Robotics-DL tentative},
  pages={586--606},
  year={1992},
  organization={International Society for Optics and Photonics}
}

@inproceedings{steinbrucker2011real,
  title={Real-time visual odometry from dense {RGB-D} images},
  author={Steinbrucker, F and Sturm, J{\"u}rgen and Cremers, Daniel},
  booktitle={Computer Vision Workshops (ICCV Workshops), 2011 IEEE International Conference on},
  pages={719--722},
  year={2011},
  organization={IEEE}
}

@article{morel2009asift,
  title={{ASIFT}: A new framework for fully affine invariant image comparison},
  author={Morel, Jean-Michel and Yu, Guoshen},
  journal={SIAM Journal on Imaging Sciences},
  volume={2},
  number={2},
  pages={438--469},
  year={2009},
  publisher={Society for Industrial and Applied Mathematics}
}

@inproceedings{strasdat2011double,
  title={Double window optimisation for constant time visual {SLAM}},
  author={Strasdat, Hauke and Davison, Andrew J and Montiel, JMM and Konolige, Kurt},
  booktitle={Computer Vision (ICCV), 2011 IEEE International Conference on},
  pages={2352--2359},
  year={2011},
  organization={IEEE}
}

@inproceedings{stuckler2012integrating,
  title={Integrating depth and color cues for dense multi-resolution scene mapping using {RGB-D} Cameras},
  author={Stuckler, Jorg and Behnke, Sven},
  booktitle={Multisensor Fusion and Integration for Intelligent Systems (MFI), 2012 IEEE Conference on},
  pages={162--167},
  year={2012},
  organization={IEEE}
}

@inproceedings{endres2012evaluation,
  title={An evaluation of the {RGB-D SLAM} system},
  author={Endres, Felix and Hess, J{\"u}rgen and Engelhard, Nikolas and Sturm, J{\"u}rgen and Cremers, Daniel and Burgard, Wolfram},
  booktitle={Robotics and Automation (ICRA), 2012 IEEE International Conference on},
  pages={1691--1696},
  year={2012},
  organization={IEEE}
}

@article{henry2012rgb,
  title={{RGB-D} mapping: Using Kinect-style depth cameras for dense {3D} modeling of indoor environments},
  author={Henry, Peter and Krainin, Michael and Herbst, Evan and Ren, Xiaofeng and Fox, Dieter},
  journal={The International Journal of Robotics Research},
  volume={31},
  number={5},
  pages={647--663},
  year={2012},
  publisher={SAGE Publications}
}

@inproceedings{rusinkiewicz2002real,
  title={Real-time {3D} model acquisition},
  author={Rusinkiewicz, Szymon and Hall-Holt, Olaf and Levoy, Marc},
  booktitle={ACM Transactions on Graphics (TOG)},
  volume={21},
  number={3},
  pages={438--446},
  year={2002},
  organization={ACM}
}

@article{weise2011online,
  title={Online loop closure for real-time interactive {3D} scanning},
  author={Weise, Thibaut and Wismer, Thomas and Leibe, Bastian and Gool, Luc Van},
  journal={Computer Vision and Image Understanding},
  volume={115},
  number={5},
  pages={635--648},
  year={2011},
  publisher={Elsevier}
}

@article{krainin2011manipulator,
  title={Manipulator and object tracking for in-hand {3D} object modeling},
  author={Krainin, Michael and Henry, Peter and Ren, Xiaofeng and Fox, Dieter},
  journal={The International Journal of Robotics Research},
  volume={30},
  number={11},
  pages={1311--1327},
  year={2011},
  publisher={SAGE Publications}
}

@inproceedings{newcombe2011kinectfusion,
  title={{KinectFusion}: Real-time dense surface mapping and tracking},
  author={Newcombe, Richard A and Davison, Andrew J and Izadi, Shahram and Kohli, Pushmeet and Hilliges, Otmar and Shotton, Jamie and Molyneaux, David and Hodges, Steve and Kim, David and Fitzgibbon, Andrew},
  booktitle={Mixed and Augmented Reality (ISMAR), 2011 10th IEEE International Symposium on},
  pages={127--136},
  year={2011},
  organization={IEEE}
}

@inproceedings{meister2012when,
    title = {When Can We Use {KinectFusion} for Ground Truth Acquisition?},
    author={Meister, Stephan and Izadi, Shahram and Kohli, Pushmeet and H{\"a}mmerle, Martin and Rother, Carsten and Kondermann, Daniel},
    year = {2012},
    booktitle = {Workshop on color-depth fusion in robotics, IEEE/RSJ International Conference on Intelligent Robots and Systems}
}

@inproceedings{ruhnke2012highly,
  title={Highly accurate {3D} surface models by sparse surface adjustment},
  author={Ruhnke, Michael and Kummerle, R and Grisetti, Giorgio and Burgard, Wolfram},
  booktitle={Robotics and Automation (ICRA), 2012 IEEE International Conference on},
  pages={751--757},
  year={2012},
  organization={IEEE}
}

@article{ectoObjectRecognitionCapture,
   author = {{Willow Garage}},
   title = {object\_recognition\_capture: Data Capture},
   journal = "\url{http://wg-perception.github.com/capture/}",
   year={2013},
}

@article{wgOpencvCandidateRgbd,
   author = {Rabaud, Vincent and Dimashova, Maria},
   title = {{OpenCV} candidate: Rgbd Module},
   journal = "\url{https://github.com/wg-perception/opencv_candidate/tree/master/src/rgbd}",
   year={2013},
}

@article{wgOpencvCandidateReconst3d,
   author = {Dimashova, Maria},
   title = {{OpenCV} candidate: Reconst3d Module},
   journal = "\url{https://github.com/wg-perception/opencv_candidate/tree/master/src/reconst3d}",
   year={2013},
}

@inproceedings{kuemmerle2011g2o,
  title={g2o: A general framework for graph optimization},
  author={Kuemmerle, Rainer and Grisetti, Giorgio and Strasdat, Hauke and Konolige, Kurt and Burgard, Wolfram},
  booktitle={Proc. of the IEEE Int. Conf. on Robotics and Automation (ICRA)},
  year={2011}
}

@article{hinterstoisser2012accv,
  title={Model Based Training, Detection and Pose Estimation of Texture-Less {3D} Objects in Heavily Cluttered Scenes},
  author={Hinterstoisser, S. and Lepetit, V. and Ilic, S. and Holzer, S. and Bradski, G. and Konolige, K. and Navab, N.},
  booktitle={Asian Conference on Computer Vision},
  year={2012}
}

@inproceedings{sunderhauf2012switchable,
  title={Switchable constraints for robust pose graph slam},
  author={Sunderhauf, Niko and Protzel, Peter},
  booktitle={Intelligent Robots and Systems (IROS), 2012 IEEE/RSJ International Conference on},
  pages={1879--1884},
  year={2012},
  organization={IEEE}
}

@inproceedings{poppinga2008fast,
  title={Fast plane detection and polygonalization in noisy {3D} range images},
  author={Poppinga, Jann and Vaskevicius, Narunas and Birk, Andreas and Pathak, Kaustubh},
  booktitle={Intelligent Robots and Systems, 2008. IROS 2008. IEEE/RSJ International Conference on},
  pages={3378--3383},
  year={2008},
  organization={IEEE}
}

@inproceedings{rusu2009detecting,
  title={Detecting and segmenting objects for mobile manipulation},
  author={Rusu, Radu Bogdan and Holzbach, Andreas and Beetz, Michael and Bradski, Gary},
  booktitle={Computer Vision Workshops (ICCV Workshops), 2009 IEEE 12th International Conference on},
  pages={47--54},
  year={2009},
  organization={IEEE}
}

@InProceedings{sturm12iros,
  author = {J. Sturm and N. Engelhard and F. Endres and W. Burgard and D. Cremers},
  title = "A Benchmark for the Evaluation of RGB-D SLAM Systems",
  booktitle = "Proc. of the International Conference on Intelligent Robot Systems (IROS)",
  year = "2012",
  month= "Oct.",
}

@inproceedings{tykkala2011direct,
  title={Direct iterative closest point for real-time visual odometry},
  author={Tykkala, T and Audras, C{\'e}dric and Comport, Andrew I},
  booktitle={Computer Vision Workshops (ICCV Workshops), 2011 IEEE International Conference on},
  pages={2050--2056},
  year={2011},
  organization={IEEE}
}

@article{lowe2004distinctive,
  title={Distinctive image features from scale-invariant keypoints},
  author={Lowe, David G},
  journal={International journal of computer vision},
  volume={60},
  number={2},
  pages={91--110},
  year={2004},
  publisher={Springer}
}

@incollection{bay2006surf,
  title={Surf: Speeded up robust features},
  author={Bay, Herbert and Tuytelaars, Tinne and Van Gool, Luc},
  booktitle={Computer Vision--ECCV 2006},
  pages={404--417},
  year={2006},
  publisher={Springer}
}

@inproceedings{rublee2011orb,
  title={ORB: an efficient alternative to SIFT or SURF},
  author={Rublee, Ethan and Rabaud, Vincent and Konolige, Kurt and Bradski, Gary},
  booktitle={Computer Vision (ICCV), 2011 IEEE International Conference on},
  pages={2564--2571},
  year={2011},
  organization={IEEE}
}

@inproceedings{rusinkiewicz2001efficient,
  title={Efficient variants of the ICP algorithm},
  author={Rusinkiewicz, Szymon and Levoy, Marc},
  booktitle={3-D Digital Imaging and Modeling, 2001. Proceedings. Third International Conference on},
  pages={145--152},
  year={2001},
  organization={IEEE}
}

@article{miller2004graspit,
  title={Graspit! a versatile simulator for robotic grasping},
  author={Miller, Andrew T and Allen, Peter K},
  journal={Robotics \& Automation Magazine, IEEE},
  volume={11},
  number={4},
  pages={110--122},
  year={2004},
  publisher={IEEE}
}

@article{sahbani2012overview,
  title={An overview of 3D object grasp synthesis algorithms},
  author={Sahbani, Anis and El-Khoury, Sahar and Bidaud, Philippe},
  journal={Robotics and Autonomous Systems},
  volume={60},
  number={3},
  pages={326--336},
  year={2012},
  publisher={Elsevier}
}

@inproceedings{klank2009real,
  title={Real-time cad model matching for mobile manipulation and grasping},
  author={Klank, Ulrich and Pangercic, Dejan and Rusu, Radu Bogdan and Beetz, Michael},
  booktitle={Humanoid Robots, 2009. Humanoids 2009. 9th IEEE-RAS International Conference on},
  pages={290--296},
  year={2009},
  organization={IEEE}
}

@article{meshlab,
   author = {{Meshlab}},
   title = {},
   journal = "\url{http://meshlab.sourceforge.net}",
   year={2013},
}

@article{lu1997globally,
  title={Globally consistent range scan alignment for environment mapping},
  author={Lu, Feng and Milios, Evangelos},
  journal={Autonomous robots},
  volume={4},
  number={4},
  pages={333--349},
  year={1997},
  publisher={Springer}
}

@article{bernardini1999ball,
  title={The ball-pivoting algorithm for surface reconstruction},
  author={Bernardini, Fausto and Mittleman, Joshua and Rushmeier, Holly and Silva, Cl{\'a}udio and Taubin, Gabriel},
  journal={Visualization and Computer Graphics, IEEE Transactions on},
  volume={5},
  number={4},
  pages={349--359},
  year={1999},
  publisher={IEEE}
}

@inproceedings{stuckler2012model,
  title={Model learning and real-time tracking using multi-resolution surfel maps},
  author={St{\"u}ckler, J{\"o}rg and Behnke, Sven},
  booktitle={Proc. of the AAAI Conference on Artificial Intelligence (AAAI-12)},
  year={2012}
}

@article{cui2012algorithms,
  title={Algorithms for 3D Shape Scanning with a Depth Camera},
  author={Cui, Yan and Schuon, Sebastian and Thrun, Sebastian and Stricker, Didier and Theobalt, Christian},
  year={2012},
  publisher={IEEE}
}
